<record><leader>00000cas a22000007a 4500</leader><controlfield tag="001">11962548</controlfield><controlfield tag="008">850425d18801896ndudr ne      0    0eng  </controlfield><datafield ind1=" " ind2=" " tag="010"><subfield code="a">sn 85042223 </subfield></datafield><datafield ind1=" " ind2=" " tag="040"><subfield code="a">DLC</subfield><subfield code="b">eng</subfield><subfield code="c">DLC</subfield><subfield code="d">NOP</subfield><subfield code="d">MN#</subfield><subfield code="d">OCL</subfield><subfield code="d">OCLCQ</subfield><subfield code="d">OCLCO</subfield><subfield code="d">OCLCQ</subfield></datafield><datafield ind1="0" ind2=" " tag="041"><subfield code="a">eng</subfield><subfield code="a">ger</subfield></datafield><datafield ind1=" " ind2=" " tag="042"><subfield code="a">msc</subfield></datafield><datafield ind1=" " ind2=" " tag="043"><subfield code="a">n-us-nd</subfield><subfield code="a">n-us-mn</subfield></datafield><datafield ind1="0" ind2="0" tag="050"><subfield code="a">Newspaper 9202</subfield></datafield><datafield ind1="0" ind2=" " tag="130"><subfield code="a">Daily argus (Fargo, N.D.)</subfield></datafield><datafield ind1="1" ind2="0" tag="245"><subfield code="a">Daily Argus.</subfield></datafield><datafield ind1="3" ind2="0" tag="246"><subfield code="a">Sunday Argus</subfield></datafield><datafield ind1="3" ind2="0" tag="246"><subfield code="a">Fargo Sunday argus</subfield></datafield><datafield ind1="3" ind2="0" tag="246"><subfield code="a">Sunday edition daily argus</subfield></datafield><datafield ind1=" " ind2=" " tag="260"><subfield code="a">Fargo [N.D.] ;</subfield><subfield code="a">Moorhead [Minn.] :</subfield><subfield code="b">A.W. Edwards</subfield></datafield><datafield ind1=" " ind2=" " tag="300"><subfield code="a">16 volumes :</subfield><subfield code="b">illustrations ;</subfield><subfield code="c">54-60 cm</subfield></datafield><datafield ind1=" " ind2=" " tag="310"><subfield code="a">Daily</subfield></datafield><datafield ind1=" " ind2=" " tag="336"><subfield code="a">text</subfield><subfield code="b">txt</subfield><subfield code="2">rdacontent</subfield></datafield><datafield ind1=" " ind2=" " tag="337"><subfield code="a">unmediated</subfield><subfield code="b">n</subfield><subfield code="2">rdamedia</subfield></datafield><datafield ind1=" " ind2=" " tag="338"><subfield code="a">volume</subfield><subfield code="b">nc</subfield><subfield code="2">rdacarrier</subfield></datafield><datafield ind1="0" ind2=" " tag="362"><subfield code="a">Vol. 3, no. 94 (Oct. 18, 1880)-</subfield></datafield><datafield ind1="1" ind2=" " tag="362"><subfield code="a">Ceased in 1896.</subfield></datafield><datafield ind1=" " ind2=" " tag="500"><subfield code="a">Official paper of Cass County, 1896.</subfield></datafield><datafield ind1=" " ind2=" " tag="500"><subfield code="a">On Sundays published as: Sunday argus, Jan. 30, 1881-Mar. 14, 1886, and: Sunday edition daily argus, Mar. 21-Nov. 7, 1886, and: Sunday argus, Nov. 14, 1886-June 16, 1889, and: Fargo Sunday argus, June 23, 1889-Dec. 29, 1895, and: Sunday argus, Jan. 5-July 26, 1896.</subfield></datafield><datafield ind1=" " ind2=" " tag="515"><subfield code="a">Sunday issues have their own numbering.</subfield></datafield><datafield ind1=" " ind2=" " tag="530"><subfield code="a">Available on microfilm from the State Historical Society of North Dakota.</subfield></datafield><datafield ind1=" " ind2=" " tag="546"><subfield code="a">Some columns in German.</subfield></datafield><datafield ind1=" " ind2="0" tag="651"><subfield code="a">Fargo (N.D.)</subfield><subfield code="v">Newspapers.</subfield></datafield><datafield ind1=" " ind2="0" tag="651"><subfield code="a">Morehead (Minn.)</subfield><subfield code="v">Newspapers.</subfield></datafield><datafield ind1=" " ind2=" " tag="752"><subfield code="a">United States</subfield><subfield code="b">North Dakota</subfield><subfield code="c">Cass</subfield><subfield code="d">Fargo.</subfield></datafield><datafield ind1=" " ind2=" " tag="752"><subfield code="a">United States</subfield><subfield code="b">Minnesota</subfield><subfield code="c">Clay</subfield><subfield code="d">Moorhead.</subfield></datafield><datafield ind1="0" ind2=" " tag="775"><subfield code="t">Weekly argus (Fargo N.D.)</subfield><subfield code="w">(DLC)sn 89074483</subfield></datafield><datafield ind1="0" ind2="0" tag="780"><subfield code="t">Fargo daily argus (Fargo, N.D. : 1879)</subfield><subfield code="w">(DLC)sn 89074481</subfield></datafield><datafield ind1="0" ind2="0" tag="785"><subfield code="t">Fargo daily argus (Fargo, N.D. : 1896)</subfield><subfield code="w">(DLC)sn 89074482</subfield></datafield><datafield ind1="1" ind2=" " tag="029"><subfield code="a">AU@</subfield><subfield code="b">000020379887</subfield></datafield></record>